<?xml version="1.0" encoding="UTF-8"?><record xmlns="http://www.loc.gov/MARC21/slim" xmlns:cinclude="http://apache.org/cocoon/include/1.0" xmlns:zs="http://www.loc.gov/zing/srw/">
  <leader>00393nz  a2200133n  4500</leader>
  <controlfield tag="001">no2001020253</controlfield>
  <controlfield tag="003">DLC</controlfield>
  <controlfield tag="005">20010315071057.0</controlfield>
  <controlfield tag="008">010314n| acannaab           |n aaa     c</controlfield>
  <datafield tag="010" ind1=" " ind2=" ">
    <subfield code="a">no2001020253</subfield>
  </datafield>
  <datafield tag="035" ind1=" " ind2=" ">
    <subfield code="a">(OCoLC)oca05438278</subfield>
  </datafield>
  <datafield tag="040" ind1=" " ind2=" ">
    <subfield code="a">KU</subfield>
    <subfield code="b">eng</subfield>
    <subfield code="c">KU</subfield>
  </datafield>
  <datafield tag="100" ind1="1" ind2=" ">
    <subfield code="a">SchoĚne, Ralf,</subfield>
    <subfield code="d">1970-</subfield>
  </datafield>
  <datafield tag="670" ind1=" " ind2=" ">
    <subfield code="a">Preise, Jerusalem, preise den Herrn, 1997:</subfield>
    <subfield code="b">p. 5 (Ralf SchoĚne) p. 14 (b. 1970, choir director)</subfield>
  </datafield>
</record>